@misc{dataset1,
  author = {Open},
  title = {School Neighborhood Poverty Estimates, 2020-21},
  year = {2021},
  howpublished = {\url{https://catalog.data.gov/dataset/school-neighborhood-poverty-estimates-2020-21}}
}

@misc{dataset2,
  author = {Open},
  title = {Report Card Enrollment 2022-23 School Year, Year-End Update},
  year = {2023},
  howpublished = {\url{https://catalog.data.gov/dataset/report-card-enrollment-2022-23-school-year-year-end-update}}
}